@article{GMRES,
  title={{GMRES}: A generalized minimal residual algorithm for solving nonsymmetric linear systems},
  author={Saad, Youcef and Schultz, Martin H},
  journal={SIAM Journal on scientific and statistical computing},
  volume={7},
  number={3},
  pages={856--869},
  year={1986},
  publisher={SIAM}
}

@article{Mie1908,
  title={Beitr{\"a}ge zur Optik tr{\"u}ber Medien, speziell kolloidaler Metall{\"o}sungen},
  author={Mie, G.},
  journal={Annalen der physik},
  volume={330},
  number={3},
  pages={377--445},
  year={1908},
  publisher={Wiley Online Library}
}

@Book{R278,
  title={Multidimensional inverse scattering problems},
  author={Ramm, Alexander G},
  volume={51},
  year={1992},
  publisher={Longman Scientific \& Technical}
}

@book{Tsang2004,
  title={Scattering of Electromagnetic Waves, Theories and Applications},
  author={Tsang, L. and Kong, J.~ A. and Ding, K.~H.},
  volume={27},
  year={2004},
  publisher={John Wiley \& Sons}
}

@book{R470,
  title={Inverse problems: mathematical and analytical techniques with applications to engineering},
  author={Ramm, AG},
  year={2005},
  publisher={Springer}
}

@article{R563,
  title={A collocation method for solving integral equations},
  author={Ramm, A.~G.},
  journal={International Journal of Computing Science and Mathematics},
  volume={2},
  number={3},
  pages={222--228},
  year={2009},
  publisher={Inderscience}
}

@article{R586,
  title={Electromagnetic wave scattering by many small bodies and creating materials with a desired refraction coefficient},
  author={Ramm, Alexander G},
  journal={Progress In Electromagnetics Research M},
  volume={13},
  pages={203--215},
  year={2010},
  publisher={EMW Publishing}
}

@article{R620,
  title={Electromagnetic wave scattering by many small perfectly conducting particles of an arbitrary shape},
  author={Ramm, A.~G.},
  journal={Optics Communications},
  volume={285},
  number={18},
  pages={3679--3683},
  year={2012},
  publisher={Elsevier}
}

@book{R635,
  title={Scattering of Acoustic and Electromagnetic Waves by Small Bodies of Arbitrary Shapes. Applications to Creating New Engineered Materials},
  author={Ramm, A.G.},
  publisher={Momentum, New York},
  year={2013}
}

@article{R652,
  title={Scattering of electromagnetic waves by many small perfectly conducting or impedance bodies},
  author={Ramm, A.~G.},
  journal={Journal of Mathematical Physics},
  volume={56},
  number={9},
  pages={091901},
  year={2015},
  publisher={AIP Publishing}
}

@article{andriychuk2012electromagnetic,
  title={Electromagnetic wave scattering by a small impedance particle: theory and modeling},
  author={Andriychuk, M.~I. and Indratno, S.~W. and Ramm, A.~G.},
  journal={Optics Communications},
  volume={285},
  number={7},
  pages={1684--1691},
  year={2012},
  publisher={Elsevier}
}

@article{ramm2014application,
  title={Application of the asymptotic solution to {EM} field scattering problem for creation of media with prescribed permeability},
  author={Ramm, A.~G. and Andriychuk, M.~I.},
  journal={Journal of Applied Mathematics and Computing},
  volume={45},
  number={1-2},
  pages={461--485},
  year={2014},
  publisher={Springer}
}

@article{ramm2014calculation,
  title={Calculation of electromagnetic wave scattering by a small impedance particle of an arbitrary shape},
  author={Ramm, A.G. and Andriychuk, M.~I.},
  journal={Mathematical Modelling of Natural Phenomena},
  volume={9},
  number={5},
  pages={254--269},
  year={2014}
}

@article{GR1987,
  title={A fast algorithm for particle simulations},
  author={Greengard, L. and Rokhlin, V.},
  journal={Journal of computational physics},
  volume={73},
  number={2},
  pages={325--348},
  year={1987},
  publisher={Elsevier}
}

@book{harrington1996field,
  title={Field computation by moment methods},
  author={Harrington, R.~ F. and Harrington, J.~ L.},
  year={1996},
  publisher={Oxford University Press}
}

@article{engheta1985fast,
  title={The fast multipole method for electromagnetic scattering computation},
  author={Engheta, N. and Murphy, W.~D. and Rokhlin, V. and Vassiliou, M.},
  journal={IEEE Transactions on Antennas and Propagation},
  volume={40},
  pages={634--641},
  year={1985}
}

@article{ruehli1974equivalent,
  title={Equivalent circuit models for three-dimensional multiconductor systems},
  author={Ruehli, A.~ E.},
  journal={Microwave Theory and Techniques, IEEE Transactions on},
  volume={22},
  number={3},
  pages={216--221},
  year={1974},
  publisher={IEEE}
}

@article{devoe1964optical,
  title={Optical properties of molecular aggregates. {I}. {C}lassical model of electronic absorption and refraction},
  author={DeVoe, H.},
  journal={The Journal of chemical physics},
  volume={41},
  number={2},
  pages={393--400},
  year={1964},
  publisher={AIP Publishing}
}

@article{yee1966numerical,
  title={Numerical solution of initial boundary value problems involving {Maxwell's} equations in isotropic media},
  author={Yee, K.~ S. and others},
  journal={IEEE Trans. Antennas Propag},
  volume={14},
  number={3},
  pages={302--307},
  year={1966}
}

@book{zienkiewicz1977finite,
  title={The finite element method},
  author={Zienkiewicz, O.~ C. and Taylor, R.~ L. and Zienkiewicz, O.~ C. and Taylor, R.~ L.},
  volume={3},
  year={1977},
  publisher={McGraw-hill London}
}

@article{weiland2001discrete,
  title={Discrete electromagnetism with the finite integration technique},
  author={Weiland, M.~ C.~ T.},
  journal={Progress In Electromagnetics Research},
  volume={32},
  pages={65--87},
  year={2001},
  publisher={EMW Publishing}
}

@article{liu1997pstd,
  title={The {PSTD} algorithm: A time-domain method requiring only two cells per wavelength},
  author={Liu, Q.~H.},
  journal={Microwave and Optical Technology Letters},
  volume={15},
  number={3},
  pages={158--165},
  year={1997},
  publisher={Wiley Online Library}
}

@article{tyrrell2005pseudospectral,
  title={Pseudospectral spatial-domain: a new method for nonlinear pulse propagation in the few-cycle regime with arbitrary dispersion},
  author={Tyrrell, J.~C.~A. and Kinsler, P. and New, G.~H.~C.},
  journal={Journal of modern optics},
  volume={52},
  number={7},
  pages={973--986},
  year={2005},
  publisher={Taylor \& Francis}
}

@article{hoefer1985transmission,
  title={The transmission-line matrix method-theory and applications},
  author={Hoefer, W.~ J.~R.},
  journal={Microwave Theory and Techniques, IEEE Transactions on},
  volume={33},
  number={10},
  pages={882--893},
  year={1985},
  publisher={IEEE}
}

@article{mur2002causes,
  title={On the causes of spurious solutions in electromagnetics},
  author={Mur, G. and Lager, I.~ E.},
  journal={Electromagnetics},
  volume={22},
  number={4},
  pages={357--367},
  year={2002},
  publisher={Taylor \& Francis}
}

@article{lu2004elimination,
  title={Elimination of spurious solutions associated with exact transparent boundary conditions in {FDTD} solvers},
  author={Lu, M. and Shanker, B. and Michielssen, E.},
  journal={IEEE Antennas and Wireless Propagation Letters},
  volume={3},
  number={4},
  pages={59--62},
  year={2004}
}

@article{zhao2007spurious,
  title={On the spurious solutions in the high-order finite difference methods for eigenvalue problems},
  author={Zhao, S.},
  journal={Computer methods in applied mechanics and engineering},
  volume={196},
  number={49},
  pages={5031--5046},
  year={2007},
  publisher={Elsevier}
}

@book{stavroulakis2013biological,
  title={Biological Effects of Electromagnetic Fields: mechanisms, modeling, biological effects, therapeutic effects, international standards, exposure criteria},
  author={Stavroulakis, P.},
  year={2013},
  publisher={Springer Science \& Business Media}
}

@book{kunz1993finite,
  title={The finite difference time domain method for electromagnetics},
  author={Kunz, K.~ S. and Luebbers, R.~ J.},
  year={1993},
  publisher={CRC press}
}

@inproceedings{buchanan1993simulation,
  title={Simulation of radiation from a microstrip antenna using three-dimensional finite-difference time-domain ({FDTD}) method},
  author={Buchanan, W.~ J. and Gupta, N.~ K. and Arnold, J.~M.},
  booktitle={Antennas and Propagation, 1993., Eighth International Conference on},
  pages={639--642},
  year={1993},
  organization={IET}
}